
@article{altman_measurement_1983,
	title = {Measurement in Medicine: The Analysis of Method Comparison Studies},
	volume = {32},
	issn = {00390526},
	url = {https://www.jstor.org/stable/2987937?origin=crossref},
	doi = {10.2307/2987937},
	shorttitle = {Measurement in Medicine},
	pages = {307},
	number = {3},
	journaltitle = {The Statistician},
	shortjournal = {The Statistician},
	author = {Altman, D. G. and Bland, J. M.},
	urldate = {2021-03-18},
	date = {1983-09},
}